@inproceedings{he2016deep,
  title={Deep residual learning for image recognition},
  author={He, Kaiming and Zhang, Xiangyu and Ren, Shaoqing and Sun, Jian},
  booktitle={Proceedings of the IEEE conference on computer vision and pattern recognition},
  pages={770--778},
  year={2016}
}

@article{salimbeni2017doubly,
  title={Doubly stochastic variational inference for deep Gaussian processes},
  author={Salimbeni, Hugh and Deisenroth, Marc},
  journal={Advances in neural information processing systems},
  volume={30},
  year={2017}
}


@inproceedings{ortega2023deep,
  title={Deep Variational Implicit Processes},
  author={Ortega, Luis A and Santana, Sim{\'o}n Rodriguez and Hern{\'a}ndez-Lobato, Daniel},
  booktitle={International Conference of Learning Representations},
  year={2023}
}


@inproceedings{dutordoir2020sparse,
  title={Sparse Gaussian processes with spherical harmonic features},
  author={Dutordoir, Vincent and Durrande, Nicolas and Hensman, James},
  booktitle={International Conference on Machine Learning},
  pages={2793--2802},
  year={2020},
  organization={PMLR}
}


@inproceedings{guo2017calibration,
  title={On calibration of modern neural networks},
  author={Guo, Chuan and Pleiss, Geoff and Sun, Yu and Weinberger, Kilian Q},
  booktitle={International conference on machine learning},
  pages={1321--1330},
  year={2017},
  organization={PMLR}
}

@inproceedings{blundell2015weight,
  title={Weight uncertainty in neural network},
  author={Blundell, Charles and Cornebise, Julien and Kavukcuoglu, Koray and Wierstra, Daan},
  booktitle={International conference on machine learning},
  pages={1613--1622},
  year={2015},
  organization={PMLR}
}

@article{kendall2017uncertainties,
  title={What uncertainties do we need in bayesian deep learning for computer vision?},
  author={Kendall, Alex and Gal, Yarin},
  journal={Advances in neural information processing systems},
  volume={30},
  year={2017}
}

@inproceedings{chen2014stochastic,
  title={Stochastic gradient hamiltonian monte carlo},
  author={Chen, Tianqi and Fox, Emily and Guestrin, Carlos},
  booktitle={International conference on machine learning},
  pages={1683--1691},
  year={2014},
  organization={PMLR}
}

@article{leibig2017leveraging,
  title={Leveraging uncertainty information from deep neural networks for disease detection},
  author={Leibig, Christian and Allken, Vaneeda and Ayhan, Murat Se{\c{c}}kin and Berens, Philipp and Wahl, Siegfried},
  journal={Scientific reports},
  volume={7},
  number={1},
  pages={1--14},
  year={2017},
  publisher={Nature Publishing Group}
}

@article{mackay1992practical,
  title={A practical Bayesian framework for backpropagation networks},
  author={MacKay, David JC},
  journal={Neural computation},
  volume={4},
  number={3},
  pages={448--472},
  year={1992},
  publisher={MIT Press One Rogers Street, Cambridge, MA 02142-1209, USA journals-info~â€¦}
}

@inproceedings{martens2015optimizing,
  title={Optimizing neural networks with kronecker-factored approximate curvature},
  author={Martens, James and Grosse, Roger},
  booktitle={International conference on machine learning},
  pages={2408--2417},
  year={2015},
  organization={PMLR}
}

@phdthesis{lawrence2001variational,
  title={Variational inference in probabilistic models},
  author={Lawrence, Neil David},
  year={2001},
  school={Citeseer}
}

@inproceedings{immer2021improving,
  title={Improving predictions of Bayesian neural nets via local linearization},
  author={Immer, Alexander and Korzepa, Maciej and Bauer, Matthias},
  booktitle={International Conference on Artificial Intelligence and Statistics},
  pages={703--711},
  year={2021},
  organization={PMLR}
}


@book{williams2006gaussian,
  title={Gaussian processes for machine learning},
  author={Williams, Christopher KI and Rasmussen, Carl Edward},
  volume={2},
  year={2006},
  publisher={MIT press Cambridge, MA}
}

@article{cheng2016incremental,
  title={Incremental variational sparse {G}aussian process regression},
  author={Cheng, Ching-An and Boots, Byron},
  journal={Advances in Neural Information Processing Systems},
  volume={29},
  year={2016}
}

@article{jacot2018neural,
  title={Neural tangent kernel: Convergence and generalization in neural networks},
  author={Jacot, Arthur and Gabriel, Franck and Hongler, Cl{\'e}ment},
  journal={Advances in neural information processing systems},
  volume={31},
  year={2018}
}

@inproceedings{titsias2009variational,
  title={Variational learning of inducing variables in sparse {G}aussian processes},
  author={Titsias, Michalis},
  booktitle={Artificial intelligence and statistics},
  pages={567--574},
  year={2009},
  organization={PMLR}
}

@article{cheng2017variational,
  title={Variational inference for {G}aussian process models with linear complexity},
  author={Cheng, Ching-An and Boots, Byron},
  journal={Advances in Neural Information Processing Systems},
  volume={30},
  year={2017}
}


@inproceedings{izmailov2020subspace,
  title={Subspace inference for Bayesian deep learning},
  author={Izmailov, Pavel and Maddox, Wesley J and Kirichenko, Polina and Garipov, Timur and Vetrov, Dmitry and Wilson, Andrew Gordon},
  booktitle={Uncertainty in Artificial Intelligence},
  pages={1169--1179},
  year={2020},
  organization={PMLR}
}

@article{khan2019approximate,
  title={Approximate inference turns deep networks into {G}aussian processes},
  author={Khan, Mohammad Emtiyaz E and Immer, Alexander and Abedi, Ehsan and Korzepa, Maciej},
  journal={Advances in neural information processing systems},
  volume={32},
  year={2019}
}

@article{deng2022accelerated,
  title={Accelerated Linearized Laplace Approximation for Bayesian Deep Learning},
  author={Deng, Zhijie and Zhou, Feng and Zhu, Jun},
  journal={arXiv preprint arXiv:2210.12642},
  year={2022}
}

@article{foong2019between,
  title={'In-Between'Uncertainty in Bayesian Neural Networks},
  author={Foong, Andrew YK and Li, Yingzhen and Hern{\'a}ndez-Lobato, Jos{\'e} Miguel and Turner, Richard E},
  journal={arXiv preprint arXiv:1906.11537},
  year={2019}
}

@inproceedings{ritter2018scalable,
  title={A scalable laplace approximation for neural networks},
  author={Ritter, Hippolyt and Botev, Aleksandar and Barber, David},
  booktitle={6th International Conference on Learning Representations, ICLR 2018-Conference Track Proceedings},
  volume={6},
  year={2018},
  organization={International Conference on Representation Learning}
}

@book{neal2012bayesian,
  title={Bayesian learning for neural networks},
  author={Neal, Radford M},
  volume={118},
  year={2012},
  publisher={Springer Science \& Business Media}
}

@article{graves2011practical,
  title={Practical variational inference for neural networks},
  author={Graves, Alex},
  journal={Advances in neural information processing systems},
  volume={24},
  year={2011}
}

@book{mackay1992bayesian,
  title={Bayesian methods for adaptive models},
  author={Mackay, David John Cameron},
  year={1992},
  publisher={California Institute of Technology}
}

@inproceedings{hensman2013gaussian,
  title = {{G}aussian processes for big data},
  author = {Hensman, J. and Fusi, N. and Lawrence, N. D.},
  booktitle = {Uncertainty in Artificial Intellegence},
  pages = {282--290},
  year = {2013},
}


@article{daxberger2021laplace,
  title={Laplace {R}edux - {E}ffortless {B}ayesian deep learning},
  author={Daxberger, Erik and Kristiadi, Agustinus and Immer, Alexander and Eschenhagen, Runa and Bauer, Matthias and Hennig, Philipp},
  journal={Advances in Neural Information Processing Systems},
  volume={34},
  pages={20089--20103},
  year={2021}
}