
@inproceedings{immer2021improving,
  title={Improving predictions of Bayesian neural nets via local linearization},
  author={Immer, Alexander and Korzepa, Maciej and Bauer, Matthias},
  booktitle={International Conference on Artificial Intelligence and Statistics},
  pages={703--711},
  year={2021},
  organization={PMLR}
}


@article{cheng2016incremental,
  title={Incremental variational sparse {G}aussian process regression},
  author={Cheng, Ching-An and Boots, Byron},
  journal={Advances in Neural Information Processing Systems},
  volume={29},
  year={2016}
}


@article{cheng2017variational,
  title={Variational inference for {G}aussian process models with linear complexity},
  author={Cheng, Ching-An and Boot, Byron},
  journal={Advances in Neural Information Processing Systems},
  volume={30},
  year={2017}
}

@article{deng2022accelerated,
  title={Accelerated Linearized Laplace Approximation for Bayesian Deep Learning},
  author={Deng, Zhijie and Zhou, Feng and Zhu, Jun},
  journal={arXiv preprint arXiv:2210.12642},
  year={2022}
}
