@article{Alquier_2024,
   title={User-friendly Introduction to PAC-Bayes Bounds},
   volume={17},
   ISSN={1935-8245},
   number={2},
   journal={Foundations and Trends® in Machine Learning},
   publisher={Now Publishers},
   author={Alquier, Pierre},
   year={2024},
   url={https://arxiv.org/pdf/2110.11216},
   pages={174–303} }

@inproceedings{
Jiang*2020Fantastic,
title={Fantastic Generalization Measures and Where to Find Them},
author={Yiding Jiang and Behnam Neyshabur and Hossein Mobahi and Dilip Krishnan and Samy Bengio},
booktitle={International Conference on Learning Representations},
year={2020},
url={https://openreview.net/pdf?id=SJgIPJBFvH}
}

@inproceedings{
casado2024pacbayeschernoff,
title={{PAC}-Bayes-Chernoff Bounds for Unbounded Losses},
author={Ioar Casado and Luis A. Ortega and Aritz P{\'e}rez and Andres R Masegosa},
booktitle={The Thirty-eighth Annual Conference on Neural Information Processing Systems},
year={2024},
url={https://openreview.net/pdf?id=CyzZeND3LB}
}

@inproceedings{
gastpar2024fantastic,
title={Fantastic Generalization Measures are Nowhere to be Found},
author={Michael Gastpar and Ido Nachum and Jonathan Shafer and Thomas Weinberger},
booktitle={The Twelfth International Conference on Learning Representations},
year={2024},
url={https://openreview.net/forum?id=NkmJotfL42}
}